01234567890123456789012345678901234567890123456789
00000000000000354913546879519843519843548943513179
01234567890123456789012345678901234567890123456789
(null pointer)
99999999999999999999999999999999999999999999999999
00000000000000000000000000000000000000000000000001
00000000000000000000000000000000000000000000000000
44444444444444444444444444444444444444444444444444
55555555555555555555555555555555555555555555555555
99999999999999999999999999999999999999999999999999
